@inproceedings{geambasu2009vanish,
 author = {Geambasu, Roxana and Kohno, Tadayoshi and Levy, Amit A. and Levy, Henry M.},
 title = {Vanish: Increasing Data Privacy with Self-destructing Data},
 booktitle = {Proceedings of the 18th Conference on USENIX Security Symposium},
 series = {SSYM'09},
 year = {2009},
 location = {Montreal, Canada},
 pages = {299--316},
 numpages = {18},
 url = {http://dl.acm.org/citation.cfm?id=1855768.1855787},
 acmid = {1855787},
 publisher = {USENIX Association},
 address = {Berkeley, CA, USA},
}

@misc{DynamoDB,
    howpublished = "\url{https://aws.amazon.com/dynamodb/}",
}

@misc{Cassandra,
    howpublished = "\url{http://cassandra.apache.org/}",
}

@misc{vuze,
    howpublished = "\url{https://www.vuze.com/}"
}

@misc{PlanetLab,
    howpublished = "\url{https://www.planet-lab.org/}"
}

@inproceedings{ChordStoica,
 author = {Stoica, Ion and Morris, Robert and Karger, David and Kaashoek, M. Frans and Balakrishnan, Hari},
 title = {Chord: A Scalable Peer-to-peer Lookup Service for Internet Applications},
 booktitle = {Proceedings of the 2001 Conference on Applications, Technologies, Architectures, and Protocols for Computer Communications},
 series = {SIGCOMM '01},
 year = {2001},
 isbn = {1-58113-411-8},
 location = {San Diego, California, USA},
 pages = {149--160},
 numpages = {12},
 url = {http://doi.acm.org/10.1145/383059.383071},
 doi = {10.1145/383059.383071},
 acmid = {383071},
 publisher = {ACM},
 address = {New York, NY, USA},
} 

@inproceedings{PastryRowstron,
 author = {Rowstron, Antony I. T. and Druschel, Peter},
 title = {Pastry: Scalable, Decentralized Object Location, and Routing for Large-Scale Peer-to-Peer Systems},
 booktitle = {Proceedings of the IFIP/ACM International Conference on Distributed Systems Platforms Heidelberg},
 series = {Middleware '01},
 year = {2001},
 isbn = {3-540-42800-3},
 pages = {329--350},
 numpages = {22},
 url = {http://dl.acm.org/citation.cfm?id=646591.697650},
 acmid = {697650},
 publisher = {Springer-Verlag},
 address = {London, UK, UK},
} 

@inproceedings{OpenDHTRhea,
 author = {Rhea, Sean and Godfrey, Brighten and Karp, Brad and Kubiatowicz, John and Ratnasamy, Sylvia and Shenker, Scott and Stoica, Ion and Yu, Harlan},
 title = {{OpenDHT}: A Public {DHT} Service and Its Uses},
 booktitle = {Proceedings of the 2005 Conference on Applications, Technologies, Architectures, and Protocols for Computer Communications},
 series = {SIGCOMM '05},
 year = {2005},
 isbn = {1-59593-009-4},
 location = {Philadelphia, Pennsylvania, USA},
 pages = {73--84},
 numpages = {12},
 url = {http://doi.acm.org/10.1145/1080091.1080102},
 doi = {10.1145/1080091.1080102},
 acmid = {1080102},
 publisher = {ACM},
 address = {New York, NY, USA},
 keywords = {distributed hash table, peer-to-peer, resource allocation},
} 

@inproceedings{ScatterGlendenning,
 author = {Glendenning, Lisa and Beschastnikh, Ivan and Krishnamurthy, Arvind and Anderson, Thomas},
 title = {Scalable Consistency in Scatter},
 booktitle = {Proceedings of the Twenty-Third {ACM} Symposium on Operating Systems Principles},
 series = {SOSP '11},
 year = {2011},
 isbn = {978-1-4503-0977-6},
 location = {Cascais, Portugal},
 pages = {15--28},
 numpages = {14},
 url = {http://doi.acm.org/10.1145/2043556.2043559},
 doi = {10.1145/2043556.2043559},
 acmid = {2043559},
 publisher = {ACM},
 address = {New York, NY, USA},
 keywords = {Paxos, consistency, distributed systems, distributed transactions, fault tolerance, scalability, storage},
}

@inproceedings{CometGeambasu,
 author = {Geambasu, Roxana and Levy, Amit A. and Kohno, Tadayoshi and Krishnamurthy, Arvind and Levy, Henry M.},
 title = {Comet: An Active Distributed Key-value Store},
 booktitle = {Proceedings of the 9th USENIX Conference on Operating Systems Design and Implementation},
 series = {OSDI'10},
 year = {2010},
 location = {Vancouver, BC, Canada},
 pages = {323--336},
 numpages = {14},
 url = {http://dl.acm.org/citation.cfm?id=1924943.1924966},
 acmid = {1924966},
 publisher = {USENIX Association},
 address = {Berkeley, CA, USA},
} 

@inproceedings{dabekp2p,
  title={Towards a common {API} for structured peer-to-peer overlays},
  author={Dabek, Frank and Zhao, Ben and Druschel, Peter and Kubiatowicz, John and Stoica, Ion},
  booktitle={International Workshop on Peer-To-Peer Systems},
  pages={33--44},
  year={2003},
  organization={Springer}
}

@InProceedings{SplitStreamCastro,
    author="Castro, Miguel
    and Druschel, Peter
    and Kermarrec, Anne-Marie
    and Nandi, Animesh
    and Rowstron, Antony
    and Singh, Atul",
    title="SplitStream: High-Bandwidth Content Distribution in Cooperative Environments",
    booktitle="Peer-to-Peer Systems II",
    year="2003",
    publisher="Springer Berlin Heidelberg",
    address="Berlin, Heidelberg",
    pages="292--303",
}

@article{TapestryZhao, 
    author={B. Y. Zhao and Ling Huang and J. Stribling and S. C. Rhea and A. D. Joseph and J. D. Kubiatowicz}, 
    journal={IEEE Journal on Selected Areas in Communications}, 
    title={Tapestry: a resilient global-scale overlay for service deployment}, 
    year={2004}, 
    volume={22}, 
    number={1}, 
    pages={41-53}, 
    doi={10.1109/JSAC.2003.818784}, 
    ISSN={0733-8716}, 
    month={Jan},
}

@inproceedings{PierHuebsch,
 author = {Huebsch, Ryan and Hellerstein, Joseph M. and Lanham, Nick and Loo, Boon Thau and Shenker, Scott and Stoica, Ion},
 title = {Querying the Internet with {PIER}},
 booktitle = {Proceedings of the 29th International Conference on Very Large Data Bases - Volume 29},
 series = {VLDB '03},
 year = {2003},
 isbn = {0-12-722442-4},
 location = {Berlin, Germany},
 pages = {321--332},
 numpages = {12},
 url = {http://dl.acm.org/citation.cfm?id=1315451.1315480},
 acmid = {1315480},
 publisher = {VLDB Endowment},
} 

@inproceedings{CFSDabek,
 author = {Dabek, Frank and Kaashoek, M. Frans and Karger, David and Morris, Robert and Stoica, Ion},
 title = {Wide-area Cooperative Storage with {CFS}},
 booktitle = {Proceedings of the Eighteenth ACM Symposium on Operating Systems Principles},
 series = {SOSP '01},
 year = {2001},
 isbn = {1-58113-389-8},
 location = {Banff, Alberta, Canada},
 pages = {202--215},
 numpages = {14},
 url = {http://doi.acm.org/10.1145/502034.502054},
 doi = {10.1145/502034.502054},
 acmid = {502054},
 publisher = {ACM},
 address = {New York, NY, USA},
} 

@article{IIIStoica, 
    author={I. Stoica and D. Adkins and Shelley Zhuang and S. Shenker and S. Surana}, 
    journal={IEEE/ACM Transactions on Networking}, 
    title={Internet indirection infrastructure}, 
    year={2004}, 
    volume={12}, 
    number={2}, 
    pages={205-218}, 
    doi={10.1109/TNET.2004.826279}, 
    ISSN={1063-6692}, 
    month={April},
}

@article{IvyMuthitacharoen,
 author = {Muthitacharoen, Athicha and Morris, Robert and Gil, Thomer M. and Chen, Benjie},
 title = {Ivy: A Read/Write Peer-to-peer File System},
 journal = {SIGOPS Oper. Syst. Rev.},
 issue_date = {Winter 2002},
 volume = {36},
 number = {SI},
 month = dec,
 year = {2002},
 issn = {0163-5980},
 pages = {31--44},
 numpages = {14},
 url = {http://doi.acm.org/10.1145/844128.844132},
 doi = {10.1145/844128.844132},
 acmid = {844132},
 publisher = {ACM},
 address = {New York, NY, USA},
} 

@inproceedings{DHTWehrle,
    author="Wehrle, Klaus
    and G{\"o}tz, Stefan
    and Rieche, Simon",
    title="7. Distributed Hash Tables",
    bookTitle="Peer-to-Peer Systems and Applications",
    year="2005",
    publisher="Springer Berlin Heidelberg",
    address="Berlin, Heidelberg",
    pages="79--93",
    isbn="978-3-540-32047-0",
    doi="10.1007/11530657_7",
    url="https://doi.org/10.1007/11530657_7"
}


@inproceedings{PalimpsestRoscoe,
 author = {Roscoe, Timothy and Hand, Steven},
 title = {Palimpsest: Soft-capacity Storage for Planetary-scale Services},
 booktitle = {Proceedings of the 9th Conference on Hot Topics in Operating Systems - Volume 9},
 series = {HOTOS'03},
 year = {2003},
 location = {Lihue, Hawaii},
 pages = {22--22},
 numpages = {1},
 url = {http://dl.acm.org/citation.cfm?id=1251054.1251076},
 acmid = {1251076},
 publisher = {USENIX Association},
 address = {Berkeley, CA, USA},
} 

@article{PHTRamabhadran,
    author = {Sriram Ramabhadran and Sylvia Ratnasamy and Joseph M. Hellerstein and Scott Shenker},
    title = {Prefix Hash Tree: An Indexing Data Structure over Distributed Hash Tables},
    year = {2004}
}

@article{LuaIerusalimschy,
 author = {Ierusalimschy, Roberto and de Figueiredo, Luiz Henrique and Filho, Waldemar Celes},
 title = {Lua - an Extensible Extension Language},
 journal = {Softw. Pract. Exper.},
 issue_date = {June 1996},
 volume = {26},
 number = {6},
 month = {June},
 year = {1996},
 issn = {0038-0644},
 pages = {635--652},
 numpages = {18},
 url = {http://dx.doi.org/10.1002/(SICI)1097-024X(199606)26:6<635::AID-SPE26>3.0.CO;2-P},
 doi = {10.1002/(SICI)1097-024X(199606)26:6<635::AID-SPE26>3.0.CO;2-P},
 acmid = {229595},
 publisher = {John Wiley \& Sons, Inc.},
 address = {New York, NY, USA},
 keywords = {end-user programming, extension languages, programming languages},
}

@inproceedings{PlanetLabPeterson,
 author = {Peterson, Larry and Bavier, Andy and Fiuczynski, Marc E. and Muir, Steve},
 title = {Experiences Building PlanetLab},
 booktitle = {Proceedings of the 7th Symposium on Operating Systems Design and Implementation},
 series = {OSDI '06},
 year = {2006},
 isbn = {1-931971-47-1},
 location = {Seattle, Washington},
 pages = {351--366},
 numpages = {16},
 url = {http://dl.acm.org/citation.cfm?id=1298455.1298489},
 acmid = {1298489},
 publisher = {USENIX Association},
 address = {Berkeley, CA, USA},
}

@inproceedings{ChubbyBurrows,
 author = {Burrows, Mike},
 title = {The Chubby Lock Service for Loosely-coupled Distributed Systems},
 booktitle = {Proceedings of the 7th Symposium on Operating Systems Design and Implementation},
 series = {OSDI '06},
 year = {2006},
 isbn = {1-931971-47-1},
 location = {Seattle, Washington},
 pages = {335--350},
 numpages = {16},
 url = {http://dl.acm.org/citation.cfm?id=1298455.1298487},
 acmid = {1298487},
 publisher = {USENIX Association},
 address = {Berkeley, CA, USA},
} 

@inproceedings{ZooKeeperHunt,
 author = {Hunt, Patrick and Konar, Mahadev and Junqueira, Flavio P. and Reed, Benjamin},
 title = {ZooKeeper: Wait-free Coordination for Internet-scale Systems},
 booktitle = {Proceedings of the 2010 USENIX Conference on USENIX Annual Technical Conference},
 series = {USENIXATC'10},
 year = {2010},
 location = {Boston, MA},
 pages = {11--11},
 numpages = {1},
 url = {http://dl.acm.org/citation.cfm?id=1855840.1855851},
 acmid = {1855851},
 publisher = {USENIX Association},
 address = {Berkeley, CA, USA},
} 

@article{RSMSchneider,
 author = {Schneider, Fred B.},
 title = {Implementing Fault-tolerant Services Using the State Machine Approach: A Tutorial},
 journal = {ACM Comput. Surv.},
 issue_date = {Dec. 1990},
 volume = {22},
 number = {4},
 month = dec,
 year = {1990},
 issn = {0360-0300},
 pages = {299--319},
 numpages = {21},
 url = {http://doi.acm.org/10.1145/98163.98167},
 doi = {10.1145/98163.98167},
 acmid = {98167},
 publisher = {ACM},
 address = {New York, NY, USA},
} 

@article{PaxosLamport,
 author = {Lamport, Leslie},
 title = {The Part-time Parliament},
 journal = {ACM Trans. Comput. Syst.},
 issue_date = {May 1998},
 volume = {16},
 number = {2},
 month = may,
 year = {1998},
 issn = {0734-2071},
 pages = {133--169},
 numpages = {37},
 url = {http://doi.acm.org/10.1145/279227.279229},
 doi = {10.1145/279227.279229},
 acmid = {279229},
 publisher = {ACM},
 address = {New York, NY, USA},
 keywords = {state machines, three-phase commit, voting},
} 